<record><leader>00000cas a22000007a 4500</leader><controlfield tag="001">14563068</controlfield><controlfield tag="008">861029d1898190uiaudr ne      0    0eng d</controlfield><datafield ind1=" " ind2=" " tag="010"><subfield code="a">sn 86061157 </subfield></datafield><datafield ind1=" " ind2=" " tag="040"><subfield code="a">INP</subfield><subfield code="b">eng</subfield><subfield code="c">INP</subfield><subfield code="d">OCLCQ</subfield><subfield code="d">IUL</subfield><subfield code="d">OCLCF</subfield></datafield><datafield ind1=" " ind2=" " tag="042"><subfield code="a">msc</subfield></datafield><datafield ind1=" " ind2=" " tag="043"><subfield code="a">n-us-ia</subfield></datafield><datafield ind1="0" ind2="4" tag="245"><subfield code="a">The Evening globe journal.</subfield></datafield><datafield ind1="3" ind2="0" tag="246"><subfield code="a">Sunday times and globe journal</subfield></datafield><datafield ind1=" " ind2=" " tag="260"><subfield code="a">Dubuque [Iowa] :</subfield><subfield code="b">Globe-Journal,</subfield><subfield code="c">1898-</subfield></datafield><datafield ind1=" " ind2=" " tag="300"><subfield code="a">v. :</subfield><subfield code="b">ill. ;</subfield><subfield code="c">56 cm.</subfield></datafield><datafield ind1=" " ind2=" " tag="310"><subfield code="a">Daily</subfield></datafield><datafield ind1="0" ind2=" " tag="362"><subfield code="a">May 19, 1898-</subfield></datafield><datafield ind1="1" ind2=" " tag="362"><subfield code="a">Ceased between June 30, 1900 and May 2, 1903.</subfield></datafield><datafield ind1=" " ind2=" " tag="500"><subfield code="a">Sunday edition published in conjunction with: Dubuque daily times (Dubuque, Iowa : 1895), and called: Sunday times and globe journal.</subfield></datafield><datafield ind1=" " ind2=" " tag="500"><subfield code="a">"Official paper of the city of Dubuque."</subfield></datafield><datafield ind1=" " ind2="0" tag="651"><subfield code="a">Dubuque (Iowa)</subfield><subfield code="v">Newspapers.</subfield></datafield><datafield ind1=" " ind2="0" tag="651"><subfield code="a">Dubuque County (Iowa)</subfield><subfield code="v">Newspapers.</subfield></datafield><datafield ind1=" " ind2="7" tag="651"><subfield code="a">Iowa</subfield><subfield code="z">Dubuque.</subfield><subfield code="2">fast</subfield><subfield code="0">(OCoLC)fst01217313</subfield></datafield><datafield ind1=" " ind2="7" tag="651"><subfield code="a">Iowa</subfield><subfield code="z">Dubuque County.</subfield><subfield code="2">fast</subfield><subfield code="0">(OCoLC)fst01212637</subfield></datafield><datafield ind1=" " ind2="7" tag="655"><subfield code="a">Newspapers.</subfield><subfield code="2">fast</subfield><subfield code="0">(OCoLC)fst01423814</subfield></datafield><datafield ind1=" " ind2=" " tag="752"><subfield code="a">United States</subfield><subfield code="b">Iowa</subfield><subfield code="c">Dubuque</subfield><subfield code="d">Dubuque.</subfield></datafield><datafield ind1="0" ind2="0" tag="780"><subfield code="t">Dubuque daily globe-journal (Dubuque, Iowa : 1891)</subfield><subfield code="w">(DLC)sn 86061156</subfield><subfield code="w">(OCoLC)14562271</subfield></datafield><datafield ind1="0" ind2="0" tag="785"><subfield code="t">Dubuque daily globe-journal (Dubuque, Iowa : 1903)</subfield><subfield code="w">(DLC)sn 82016154</subfield><subfield code="w">(OCoLC)9171327</subfield></datafield></record>